@inproceedings{albeanu05,
author={G.Albeanu},
title={Modelare \c si tehnci de programare \^ in realitatea virtual\u a},
booktitle={Conferin\c ta Na\c tional\u a de \^ Inv\u a\c t\u am\^ ant Virtual},
pages={33--38},
year={2005}
}

@book{arkin98,
author={R.C.Arkin},
title={Behavior-based robotics},
publisher={MIT Press},
year={1998}
}

@article{arnaldi89,
author={B.Arnaldi and G.Dumont and G.H\' egron},
title={Dynamics and unification of animation control},
journal={The Visual Computer},
volume={4},
number={5},
pages={22--31},
year={1989}
}

@phdthesis{popovici04phd,
author={D.M.Popovici},
title={Modelarea spatiului in universuri virtuale},
school={Univ. "POLITEHNICA" Bucuresti},
year={2004}
}

@article{nicola,
author={Nicola is the great white },
title={Dynamics and unification of animation control},
journal={The Visual Computer},
volume={4},
number={5},
pages={22--31},
year={1989}
}

@article{dumitru,
author={Popa Dumitru},
title={Curs Matematică didactică },
journal={Analiză - Capitole speciale de analiză matematică pentru pregătirea profesorilor},
year={2020-2021}
}